@INPROCEEDINGS{tacas,
	author = {Parosh A. Abdulla and Luk\'{a}\v{s} Hol\'{i}k and Yu-Fang Chen and Richard Mayr and Tom\'{a}\v{s} Vojnar},
	title = {{When Simulation Meets Antichains (On Checking Language	Inclusion of Nondeterministic Finite (Tree) Automata)}},
	pages = {158--174},
	booktitle = {Tools and Algorithms for the Construction and Analysis of Systems},
	series = {LNCS 6015},
	year = {2010},
	location = {Berl\'{i}n, DE},
	publisher = {Springer Verlag},
	ISBN = {978-3-642-12001-5},
	 language = {english},
	 url = {http://www.fit.vutbr.cz/research/view_pub.php?id=9190}
}

@INPROCEEDINGS{mona-secrets,
	author={Nils Klarlund and Anders M{\o}ller and Michael I. Schwartzbach},
	title={{\textsc{MONA} Implementation Secrets}},
	booktitle={Workshop on Implementing Automata},
	year={2010},
	url={http://www.brics.dk/mona/papers/implementation-secrets/journal.pdf},
}

@MISC{tata,
	author = {Hubert Comon and Max Dauchet and R\'{e}mi Gilleron and  Christof L\"{o}ding and Denis Lugiez and Florent Jacquemard and Sophie Tison and Marc Tommasi},
	title =	 {{Tree Automata Techniques and Applications}},
	howpublished = {Available on: \url{http://www.grappa.univ-lille3.fr/tata}},
	note = {release October, 12th 2007},
	year ={2007}
}

@incollection{vata,
	year={2012},
	isbn={978-3-642-28755-8},
	booktitle={Tools and Algorithms for the Construction and Analysis of Systems},
	volume={7214},
	series={Lecture Notes in Computer Science},
	title={{VATA: A Library for Efficient Manipulation of Non-deterministic Tree Automata}},
	publisher={Springer Berlin Heidelberg},
	author={Ond\v{r}ej Leng\'{a}l and Ji\v{r}\'{i} \v{S}im\'{a}\v{c}ek and Tom\'{a}\v{s} Vojnar},
	pages={79--94}
}

@MISC{vata-tool,
	author = {Ond\v{r}ej Leng\'{a}l and Ji\v{r}\'{i} \v{S}im\'{a}\v{c}ek and Tom\'{a}\v{s} Vojnar},
	title = {{The \textsc{VATA} Tree Automata Library}},
	howpublished = {[online] Available on: \url{http://www.fit.vutbr.cz/research/groups/verifit/tools/libvata/}},
	year = {}
}

@MISC{mona,
 	author = {},
	title = {{\textsc{MONA}: Web pages of \textsc{MONA}}},
	howpublished = {[online] Available on: \url{http://www.brics.dk/mona/}},
	year = {Last Visited January 2014}
}

@MISC{timbuk,
 	author = {},
	title = {{Timbuk Reachability Analysis and Tree Automata Calculations}},
	howpublished = {[online] Available on: \url{http://www.irisa.fr/celtique/genet/timbuk/}},
	year = {}
}
  
@MISC{yacc,
	author={Stephen C. Johnson},
	title = {{Yacc: Yet Another Compiler-Compiler}},
	howpublished={[online] Available on: \url{http://dinosaur.compilertools.net/yacc/}},
	year={}
}

@MISC{valgrind,
	author={},
	title={{Valgrind's Tool Suite}},
	howpublished={[online] Available on: \url{http://valgrind.org/info/tools.html}},
	year={}
}

@incollection{wsksisnonelementary,
	year={1975},
	isbn={978-3-540-07155-6},
	booktitle={Logic Colloquium},
	volume={453},
	series={Lecture Notes in Mathematics},
	title={{Weak Monadic Second Order Theory of Succesor is Not Elementary-recursive}},
	publisher={Springer Berlin Heidelberg},
	author={Albert R. Meyer},
	pages={132--154},
	language={English}
} 

@BOOK{tin,
	author = {Alexander Meduna},
	title = {{Automata and Languages: Theory and Applications}},
	pages = {892},
	year = {2005},
	location = {London, GB},
	publisher = {Springer Verlag},
	ISBN = {1-85233-074-0},
	language = {english}
}

@BOOK{logics,
	year={1979},
	title={{A Mathematical Introduction to Logic}},
	author={Herbert B. Enderton},
	publisher{Academic Press},
	ISBN ={978-0122384523 }
}

@incollection{nfa,
	year={1997},
	isbn={978-3-540-63174-3},
	booktitle={Automata Implementation},
	volume={1260},
	series={Lecture Notes in Computer Science},
	title={{Implementing WS1S via Finite Automata}},
	publisher={Springer Berlin Heidelberg},
	author={James Glenn and William Gasarch},
	pages={50--63}
}

@article {wsks,
	author = {Julius R. B\"{u}chi},
	title = {{Weak Second-Order Arithmetic and Finite Automata}},
	journal = {Mathematical Logic Quarterly},
	volume = {6},
	number = {1--6},
	publisher = {WILEY-VCH Verlag Berlin GmbH},
	issn = {1521-3870},
	pages = {66--92},
	year = {1960},
}

@article {presburger,
	author = {Moj\.{z}esz Presburger},
	title = {{\"{U}ber die Vollst\"{a}ndigkeit eines gewissen Systems der Arithmetik ganzer Zahlen, in welchem die Addition als einzige Operation hervortritt}},
	journal = {Comptes Rendus du I congr\'{e}s de Math\'{e}maticiens des Pays Slaves},
	pages = {92--101},
	year = {1929},
}

@article {mso,
	author={Michael O. Rabin},
	title={{Decidability of Second-Order Theories and Automata on Infinite Trees}},
	journal={Transactions of the American Mathematical Society},
	pages={1--35},
	year={1969},
}

@incollection{backwards-universality,
	year={2006},
	isbn={978-3-540-37406-0},
	booktitle={Computer Aided Verification},
	volume={4144},
	series={Lecture Notes in Computer Science},
	editor={Thomas Ball, and Robert B. Jones},
	title={{Antichains: A~New Algorithm for Checking Universality of Finite Automata}},
	publisher={Springer Berlin Heidelberg},
	author={Thomas A. Henzinger and Jean-Francois Raskin and Martin De Wulf},
	pages={17--30}
} 

@incollection{raskin,
	year={2010},
	isbn={978-3-642-12001-5},
	booktitle={{Tools and Algorithms for the Construction and Analysis of Systems}},
	volume={6015},
	series={Lecture Notes in Computer Science},
	title={{Antichain Algorithms for Finite Automata}},
	publisher={Springer Berlin Heidelberg},
	author={Laurent Doyen and Jean-Francois Raskin},
	pages={2--22}
}

@inproceedings{bitwise,
	author = {Derrick G. Kourie and Vreda Pieterse and Loek Cleophas and Bruce W. Watson},
	title = {{Performance of C++ Bit-vector Implementations}},
	booktitle = {Proceedings of the 2010 Annual Research Conference of the South African Institute of Computer Scientists and Information Technologists},
	year = {2010},
	isbn = {978-1-60558-950-3},
	pages = {242--250}
} 

@incollection{logic-approach,
	year={2010},
	isbn={978-3-642-15204-7},
	booktitle={Computer Science Logic},
	volume={6247},
	series={Lecture Notes in Computer Science},
	title={{New Algorithm for Weak Monadic Second-Order Logic on Inductive Structures}},
	publisher={Springer Berlin Heidelberg},
	author={Tobias Ganzow and Lukasz Kaiser},
	pages={366--380}
}

@Manual{monamanual,
	author =       {Nils Klarlund and Anders M{\o}ller},
	title =        {{MONA Version 1.4 User Manual}},
	organization = {BRICS, Department of Computer Science, Aarhus University},
	month =        {January},
	year =         {2001},
	note = {Available on: \url{http://www.brics.dk/mona/mona14.pdf}},
}

@INPROCEEDINGS{mona-tacas,
	author       = {Jesper G. Henriksen and Jakob L. Jensen and Michael E. J{\o}rgensen and Nils Klarlund and Robert Paige and Theis Rauhe and Anders Sandholm},
	title        = {{MONA: Monadic Second-Order Logic in Practice}},
	booktitle    = {{Tools and Algorithms for the Construction and Analysis of Systems}},
	year         = {1995},
	publisher    = {Springer},
	series       = {Lecture Notes in Computer Science},
	volume       = {1019},
	pages        = {89--110}
}
